<record><leader>00000cas a22000007a 4500</leader><controlfield tag="001">12688920</controlfield><controlfield tag="008">851018d189u1909wiuwr ne      0    0eng d</controlfield><datafield ind1=" " ind2=" " tag="010"><subfield code="a">sn 85041244 </subfield></datafield><datafield ind1=" " ind2=" " tag="040"><subfield code="a">NPV</subfield><subfield code="b">eng</subfield><subfield code="c">NPV</subfield><subfield code="d">OCLCQ</subfield></datafield><datafield ind1=" " ind2=" " tag="042"><subfield code="a">msc</subfield></datafield><datafield ind1=" " ind2=" " tag="045"><subfield code="a">w9x0</subfield></datafield><datafield ind1=" " ind2=" " tag="052"><subfield code="a">4123</subfield><subfield code="b">G7</subfield></datafield><datafield ind1="0" ind2=" " tag="130"><subfield code="a">Brodhead register (Brodhead, Wis. : 1898)</subfield></datafield><datafield ind1="1" ind2="0" tag="245"><subfield code="a">Brodhead register.</subfield></datafield><datafield ind1=" " ind2=" " tag="260"><subfield code="a">Brodhead, Wis. :</subfield><subfield code="b">G.E. Dixon,</subfield><subfield code="c">-1909.</subfield></datafield><datafield ind1=" " ind2=" " tag="300"><subfield code="a">v.</subfield></datafield><datafield ind1=" " ind2=" " tag="310"><subfield code="a">Weekly</subfield></datafield><datafield ind1="0" ind2=" " tag="362"><subfield code="a">-v. 26, no. 36 (July 14, 1909).</subfield></datafield><datafield ind1=" " ind2=" " tag="500"><subfield code="a">Editors: W.F. Schempp &amp; C.A. Steele, Jan. 29, 1903-July 14, 1909.</subfield></datafield><datafield ind1=" " ind2=" " tag="525"><subfield code="a">Supplements accompany some issues.</subfield></datafield><datafield ind1=" " ind2=" " tag="530"><subfield code="a">Available on microfilm from the State Historical Society of Wisconsin.</subfield></datafield><datafield ind1=" " ind2=" " tag="588"><subfield code="a">Description based on: Vol. 15, no. 10 (Jan. 5, 1898).</subfield></datafield><datafield ind1=" " ind2=" " tag="752"><subfield code="a">United States</subfield><subfield code="b">Wisconsin</subfield><subfield code="c">Green</subfield><subfield code="d">Brodhead.</subfield></datafield><datafield ind1="0" ind2="0" tag="780"><subfield code="t">Register (Brodhead, Wis.)</subfield><subfield code="w">(DLC)sn 85041245</subfield></datafield><datafield ind1="0" ind2="0" tag="785"><subfield code="t">Independent-register (Brodhead, Wis.)</subfield></datafield><datafield ind1="1" ind2=" " tag="029"><subfield code="a">AU@</subfield><subfield code="b">000023435363</subfield></datafield></record>